@article{Myers1965,
        Author = {A. L. Myers and  J. M. Prausnitz},
	Title = {Thermodynamics of mixed‐gas adsorption},
        Journal = {AIChE J.},
        year = {1965},
        Volume = {11},
        Pages = {121-127}}

@article{RASPA,
        Author = {David Dubbeldam and Sof{\'\i}a Calero and Donald E. Ellis and Randall Q. Snurr},
        Journal = {Mol. Simul.},
        Number = {2},
        Url = {http://www.tandfonline.com/doi/full/10.1080/08927022.2015.1010082},
        Pages = {81-101},
        Title = {RASPA: molecular simulation software for adsorption and diffusion in flexible nanoporous materials},
        Volume = {42},
        Year = {2016}}

@article{Dubbeldam2013,
        author = {David Dubbeldam and Ariana Torres Knoop and Krista S. Walton},
        title = {On the inner workings of Monte Carlo codes},
        journal = {Mol. Simul.},
        volume = {39},
        number = {14-15},
        pages = {1253-1292},
        year = {2013}}

@book{Frenkel2001,
        Author = {Daank Frenkel and Berend Smit},
        Title = {Understanding Molecular Simulation: From Algorithms to Applications},
        Edition = {2},
        Year = {2001},
        Publisher = {Academic Press}}

@incollection{Dubbeldam2015,
        author      = "David Dubbeldam and Krista S. Walton",
        title       = "On the Application of Classical Molecular Simulations of Adsorption in Metal–Organic Frameworks",
        editor      = "Jianwen Jiang",
        booktitle   = "Materials Modeling towards Engineering Applications",
        publisher   = "Pan Stanford Publishing Pte Ltd.",
        year        = 2015}
